% Encoding: UTF8

@misc{bcp47,
  author = {{Internet Engineering Task Force}},
  year = {2009},
  title = {Tags for Identifying Languages},
  key = {{BCP 47}},
  note = {Last visited: 2017-09-09},
  url = {{https://tools.ietf.org/rfc/bcp/bcp47}},
  timestamp = {2017.09.09}
}

@misc{ce20130095,
 author = {{CLARIN Centre Committee}},
  year = {2013},
  title = {Checklist for {CLARIN B} Centres},
  key = {{CE-2013-0095}},
  note = {Last visited: 2017-09-09},
  url = {{https://hdl.handle.net/11372/DOC-78}},
  timestamp = {2017.09.09}
}

@misc{ce20160880,
 author = {{CMDI Task Force}},
  year = {2016},
  title = {{CMDI} 1.2 specification},
  key = {{CE-2016-0880}},
  note = {Last visited: 2017-07-20},
  url = {{https://hdl.handle.net/11372/DOC-152}},
  timestamp = {2019.02.01}
}

@InProceedings{lrec2012cmdi,
  author = {Daan Broeder and Menzo Windhouwer and Dieter van Uytvanck and Twan Goosen and Thorsten Trippel},
  title = {{CMDI}: a Component Metadata Infrastructure},
  booktitle = {Proceedings of the Metadata 2012 Workshop on Describing Language Resources with Metadata: Towards Flexibility and Interoperability in the Documentation of Language Resources},
  year = {2012},
  month = {may},
  date = {22},
  address = {Istanbul, Turkey},
  language = {english},
  url = {{http://www.lrec-conf.org/proceedings/lrec2012/workshops/11.LREC2012%20Metadata%20Proceedings.pdf#page=8}},
  note = {Last visited: 2019-03-05},
  timestamp = {2019.03.05}
}
	
@misc{w3cstyle,
  author = {Tim Berners-Lee},
  year = {1998},
  title = {Style Guide for online hypertext},
  note = {Last visited: 2019-03-05},
  url = {{https://www.w3.org/Provider/Style/}},
  timestamp = {2019.05.03}
}

@misc{dwbp,
  author = {Bernadette Farias LÃ³scio and Caroline Burle and Newton Calegari},
  year = {2017},
  title = {Data on the Web Best Practices},
  note = {Last visited: 2019-03-05},
  url = {{https://www.w3.org/TR/dwbp/}},
  timestamp = {2019.05.03}
}